%YAML 1.1
%TAG !u! tag:unity3d.com,2011:
--- !u!29 &1
OcclusionCullingSettings:
  m_ObjectHideFlags: 0
  serializedVersion: 2
  m_OcclusionBakeSettings:
    smallestOccluder: 5
    smallestHole: 0.25
    backfaceThreshold: 100
  m_SceneGUID: 00000000000000000000000000000000
  m_OcclusionCullingData: {fileID: 0}
--- !u!104 &2
RenderSettings:
  m_ObjectHideFlags: 0
  serializedVersion: 8
  m_Fog: 0
  m_FogColor: {r: 0.5, g: 0.5, b: 0.5, a: 1}
  m_FogMode: 3
  m_FogDensity: 0.01
  m_LinearFogStart: 0
  m_LinearFogEnd: 300
  m_AmbientSkyColor: {r: 0.212, g: 0.227, b: 0.259, a: 1}
  m_AmbientEquatorColor: {r: 0.114, g: 0.125, b: 0.133, a: 1}
  m_AmbientGroundColor: {r: 0.047, g: 0.043, b: 0.035, a: 1}
  m_AmbientIntensity: 1
  m_AmbientMode: 3
  m_SubtractiveShadowColor: {r: 0.42, g: 0.478, b: 0.627, a: 1}
  m_SkyboxMaterial: {fileID: 0}
  m_HaloStrength: 0.5
  m_FlareStrength: 1
  m_FlareFadeSpeed: 3
  m_HaloTexture: {fileID: 0}
  m_SpotCookie: {fileID: 10001, guid: 0000000000000000e000000000000000, type: 0}
  m_DefaultReflectionMode: 0
  m_DefaultReflectionResolution: 128
  m_ReflectionBounces: 1
  m_ReflectionIntensity: 1
  m_CustomReflection: {fileID: 0}
  m_Sun: {fileID: 0}
  m_IndirectSpecularColor: {r: 0, g: 0, b: 0, a: 1}
--- !u!157 &3
LightmapSettings:
  m_ObjectHideFlags: 0
  serializedVersion: 9
  m_GIWorkflowMode: 1
  m_GISettings:
    serializedVersion: 2
    m_BounceScale: 1
    m_IndirectOutputScale: 1
    m_AlbedoBoost: 1
    m_TemporalCoherenceThreshold: 1
    m_EnvironmentLightingMode: 0
    m_EnableBakedLightmaps: 0
    m_EnableRealtimeLightmaps: 0
  m_LightmapEditorSettings:
    serializedVersion: 8
    m_Resolution: 2
    m_BakeResolution: 40
    m_TextureWidth: 1024
    m_TextureHeight: 1024
    m_AO: 0
    m_AOMaxDistance: 1
    m_CompAOExponent: 1
    m_CompAOExponentDirect: 0
    m_Padding: 2
    m_LightmapParameters: {fileID: 0}
    m_LightmapsBakeMode: 1
    m_TextureCompression: 1
    m_FinalGather: 0
    m_FinalGatherFiltering: 1
    m_FinalGatherRayCount: 256
    m_ReflectionCompression: 2
    m_MixedBakeMode: 3
    m_BakeBackend: 0
    m_PVRSampling: 1
    m_PVRDirectSampleCount: 32
    m_PVRSampleCount: 500
    m_PVRBounces: 2
    m_PVRFiltering: 0
    m_PVRFilteringMode: 1
    m_PVRCulling: 1
    m_PVRFilteringGaussRadiusDirect: 1
    m_PVRFilteringGaussRadiusIndirect: 5
    m_PVRFilteringGaussRadiusAO: 2
    m_PVRFilteringAtrousColorSigma: 1
    m_PVRFilteringAtrousNormalSigma: 1
    m_PVRFilteringAtrousPositionSigma: 1
  m_LightingDataAsset: {fileID: 0}
  m_ShadowMaskMode: 2
--- !u!196 &4
NavMeshSettings:
  serializedVersion: 2
  m_ObjectHideFlags: 0
  m_BuildSettings:
    serializedVersion: 2
    agentTypeID: 0
    agentRadius: 0.5
    agentHeight: 2
    agentSlope: 45
    agentClimb: 0.4
    ledgeDropHeight: 0
    maxJumpAcrossDistance: 0
    minRegionArea: 2
    manualCellSize: 0
    cellSize: 0.16666667
    manualTileSize: 0
    tileSize: 256
    accuratePlacement: 0
  m_NavMeshData: {fileID: 0}
--- !u!1001 &5930335
Prefab:
  m_ObjectHideFlags: 0
  serializedVersion: 2
  m_Modification:
    m_TransformParent: {fileID: 1965980780}
    m_Modifications:
    - target: {fileID: 4061517131370472, guid: 5a2a9bcbb147ff94ebc447fa072f5580, type: 2}
      propertyPath: m_LocalPosition.x
      value: -6.04885
      objectReference: {fileID: 0}
    - target: {fileID: 4061517131370472, guid: 5a2a9bcbb147ff94ebc447fa072f5580, type: 2}
      propertyPath: m_LocalPosition.y
      value: -5.025865
      objectReference: {fileID: 0}
    - target: {fileID: 4061517131370472, guid: 5a2a9bcbb147ff94ebc447fa072f5580, type: 2}
      propertyPath: m_LocalPosition.z
      value: 0
      objectReference: {fileID: 0}
    - target: {fileID: 4061517131370472, guid: 5a2a9bcbb147ff94ebc447fa072f5580, type: 2}
      propertyPath: m_LocalRotation.x
      value: -0
      objectReference: {fileID: 0}
    - target: {fileID: 4061517131370472, guid: 5a2a9bcbb147ff94ebc447fa072f5580, type: 2}
      propertyPath: m_LocalRotation.y
      value: -0
      objectReference: {fileID: 0}
    - target: {fileID: 4061517131370472, guid: 5a2a9bcbb147ff94ebc447fa072f5580, type: 2}
      propertyPath: m_LocalRotation.z
      value: -0
      objectReference: {fileID: 0}
    - target: {fileID: 4061517131370472, guid: 5a2a9bcbb147ff94ebc447fa072f5580, type: 2}
      propertyPath: m_LocalRotation.w
      value: 1
      objectReference: {fileID: 0}
    - target: {fileID: 4061517131370472, guid: 5a2a9bcbb147ff94ebc447fa072f5580, type: 2}
      propertyPath: m_RootOrder
      value: 4
      objectReference: {fileID: 0}
    - target: {fileID: 1133064483454466, guid: 5a2a9bcbb147ff94ebc447fa072f5580, type: 2}
      propertyPath: m_Name
      value: Enemy (4)
      objectReference: {fileID: 0}
    - target: {fileID: 114540783872408164, guid: 5a2a9bcbb147ff94ebc447fa072f5580,
        type: 2}
      propertyPath: waypoints.Array.data[0]
      value: 
      objectReference: {fileID: 837477110}
    - target: {fileID: 114540783872408164, guid: 5a2a9bcbb147ff94ebc447fa072f5580,
        type: 2}
      propertyPath: waypoints.Array.data[1]
      value: 
      objectReference: {fileID: 660890689}
    - target: {fileID: 50834295144256386, guid: 5a2a9bcbb147ff94ebc447fa072f5580,
        type: 2}
      propertyPath: m_Constraints
      value: 2
      objectReference: {fileID: 0}
    m_RemovedComponents: []
  m_ParentPrefab: {fileID: 100100000, guid: 5a2a9bcbb147ff94ebc447fa072f5580, type: 2}
  m_IsPrefabParent: 0
--- !u!1 &23313261
GameObject:
  m_ObjectHideFlags: 0
  m_PrefabParentObject: {fileID: 0}
  m_PrefabInternal: {fileID: 0}
  serializedVersion: 5
  m_Component:
  - component: {fileID: 23313263}
  - component: {fileID: 23313262}
  m_Layer: 0
  m_Name: sugarBag
  m_TagString: Untagged
  m_Icon: {fileID: 0}
  m_NavMeshLayer: 0
  m_StaticEditorFlags: 0
  m_IsActive: 1
--- !u!212 &23313262
SpriteRenderer:
  m_ObjectHideFlags: 0
  m_PrefabParentObject: {fileID: 0}
  m_PrefabInternal: {fileID: 0}
  m_GameObject: {fileID: 23313261}
  m_Enabled: 1
  m_CastShadows: 0
  m_ReceiveShadows: 0
  m_MotionVectors: 1
  m_LightProbeUsage: 1
  m_ReflectionProbeUsage: 1
  m_Materials:
  - {fileID: 10754, guid: 0000000000000000f000000000000000, type: 0}
  m_StaticBatchInfo:
    firstSubMesh: 0
    subMeshCount: 0
  m_StaticBatchRoot: {fileID: 0}
  m_ProbeAnchor: {fileID: 0}
  m_LightProbeVolumeOverride: {fileID: 0}
  m_ScaleInLightmap: 1
  m_PreserveUVs: 0
  m_IgnoreNormalsForChartDetection: 0
  m_ImportantGI: 0
  m_SelectedEditorRenderState: 0
  m_MinimumChartSize: 4
  m_AutoUVMaxDistance: 0.5
  m_AutoUVMaxAngle: 89
  m_LightmapParameters: {fileID: 0}
  m_SortingLayerID: 0
  m_SortingLayer: 0
  m_SortingOrder: 0
  m_Sprite: {fileID: 21300000, guid: 1e89c37fc14ba444a97334b80f3cd474, type: 3}
  m_Color: {r: 1, g: 1, b: 1, a: 1}
  m_FlipX: 0
  m_FlipY: 0
  m_DrawMode: 0
  m_Size: {x: 0.16, y: 0.16}
  m_AdaptiveModeThreshold: 0.5
  m_SpriteTileMode: 0
  m_WasSpriteAssigned: 0
--- !u!4 &23313263
Transform:
  m_ObjectHideFlags: 0
  m_PrefabParentObject: {fileID: 0}
  m_PrefabInternal: {fileID: 0}
  m_GameObject: {fileID: 23313261}
  m_LocalRotation: {x: 0, y: 0, z: 0, w: 1}
  m_LocalPosition: {x: 1.2, y: 4.39, z: 0}
  m_LocalScale: {x: 4, y: 4, z: 1}
  m_Children: []
  m_Father: {fileID: 0}
  m_RootOrder: 7
  m_LocalEulerAnglesHint: {x: 0, y: 0, z: 0}
--- !u!1 &26627202
GameObject:
  m_ObjectHideFlags: 0
  m_PrefabParentObject: {fileID: 0}
  m_PrefabInternal: {fileID: 0}
  serializedVersion: 5
  m_Component:
  - component: {fileID: 26627203}
  m_Layer: 0
  m_Name: Waypoint
  m_TagString: Untagged
  m_Icon: {fileID: -5765324120231101433, guid: 0000000000000000d000000000000000, type: 0}
  m_NavMeshLayer: 0
  m_StaticEditorFlags: 0
  m_IsActive: 1
--- !u!4 &26627203
Transform:
  m_ObjectHideFlags: 0
  m_PrefabParentObject: {fileID: 0}
  m_PrefabInternal: {fileID: 0}
  m_GameObject: {fileID: 26627202}
  m_LocalRotation: {x: 0, y: 0, z: 0, w: 1}
  m_LocalPosition: {x: 6, y: -3, z: 0}
  m_LocalScale: {x: 1, y: 1, z: 1}
  m_Children: []
  m_Father: {fileID: 1374831632}
  m_RootOrder: 0
  m_LocalEulerAnglesHint: {x: 0, y: 0, z: 0}
--- !u!1001 &167731635
Prefab:
  m_ObjectHideFlags: 0
  serializedVersion: 2
  m_Modification:
    m_TransformParent: {fileID: 0}
    m_Modifications:
    - target: {fileID: 4082833893318282, guid: ec392079a421f36498ece13a72b0aa31, type: 2}
      propertyPath: m_LocalPosition.x
      value: 0
      objectReference: {fileID: 0}
    - target: {fileID: 4082833893318282, guid: ec392079a421f36498ece13a72b0aa31, type: 2}
      propertyPath: m_LocalPosition.y
      value: 0
      objectReference: {fileID: 0}
    - target: {fileID: 4082833893318282, guid: ec392079a421f36498ece13a72b0aa31, type: 2}
      propertyPath: m_LocalPosition.z
      value: 0
      objectReference: {fileID: 0}
    - target: {fileID: 4082833893318282, guid: ec392079a421f36498ece13a72b0aa31, type: 2}
      propertyPath: m_LocalRotation.x
      value: 0
      objectReference: {fileID: 0}
    - target: {fileID: 4082833893318282, guid: ec392079a421f36498ece13a72b0aa31, type: 2}
      propertyPath: m_LocalRotation.y
      value: 0
      objectReference: {fileID: 0}
    - target: {fileID: 4082833893318282, guid: ec392079a421f36498ece13a72b0aa31, type: 2}
      propertyPath: m_LocalRotation.z
      value: 0
      objectReference: {fileID: 0}
    - target: {fileID: 4082833893318282, guid: ec392079a421f36498ece13a72b0aa31, type: 2}
      propertyPath: m_LocalRotation.w
      value: 1
      objectReference: {fileID: 0}
    - target: {fileID: 4082833893318282, guid: ec392079a421f36498ece13a72b0aa31, type: 2}
      propertyPath: m_RootOrder
      value: 9
      objectReference: {fileID: 0}
    - target: {fileID: 1203886236511944, guid: ec392079a421f36498ece13a72b0aa31, type: 2}
      propertyPath: m_Name
      value: Sugar (1)
      objectReference: {fileID: 0}
    - target: {fileID: 4082833893318282, guid: ec392079a421f36498ece13a72b0aa31, type: 2}
      propertyPath: m_LocalScale.x
      value: 1
      objectReference: {fileID: 0}
    - target: {fileID: 4082833893318282, guid: ec392079a421f36498ece13a72b0aa31, type: 2}
      propertyPath: m_LocalScale.y
      value: 1
      objectReference: {fileID: 0}
    - target: {fileID: 4082833893318282, guid: ec392079a421f36498ece13a72b0aa31, type: 2}
      propertyPath: m_LocalScale.z
      value: 1
      objectReference: {fileID: 0}
    - target: {fileID: 1203886236511944, guid: ec392079a421f36498ece13a72b0aa31, type: 2}
      propertyPath: m_IsActive
      value: 0
      objectReference: {fileID: 0}
    m_RemovedComponents: []
  m_ParentPrefab: {fileID: 100100000, guid: ec392079a421f36498ece13a72b0aa31, type: 2}
  m_IsPrefabParent: 0
--- !u!1 &200725307
GameObject:
  m_ObjectHideFlags: 0
  m_PrefabParentObject: {fileID: 0}
  m_PrefabInternal: {fileID: 0}
  serializedVersion: 5
  m_Component:
  - component: {fileID: 200725308}
  m_Layer: 0
  m_Name: Waypoint
  m_TagString: Untagged
  m_Icon: {fileID: -5765324120231101433, guid: 0000000000000000d000000000000000, type: 0}
  m_NavMeshLayer: 0
  m_StaticEditorFlags: 0
  m_IsActive: 1
--- !u!4 &200725308
Transform:
  m_ObjectHideFlags: 0
  m_PrefabParentObject: {fileID: 0}
  m_PrefabInternal: {fileID: 0}
  m_GameObject: {fileID: 200725307}
  m_LocalRotation: {x: 0, y: 0, z: 0, w: 1}
  m_LocalPosition: {x: -8.5, y: 1, z: 0}
  m_LocalScale: {x: 1, y: 1, z: 1}
  m_Children: []
  m_Father: {fileID: 1835888098}
  m_RootOrder: 0
  m_LocalEulerAnglesHint: {x: 0, y: 0, z: 0}
--- !u!1 &255129840
GameObject:
  m_ObjectHideFlags: 0
  m_PrefabParentObject: {fileID: 0}
  m_PrefabInternal: {fileID: 0}
  serializedVersion: 5
  m_Component:
  - component: {fileID: 255129841}
  m_Layer: 0
  m_Name: Waypoint (1)
  m_TagString: Untagged
  m_Icon: {fileID: -982381405332843317, guid: 0000000000000000d000000000000000, type: 0}
  m_NavMeshLayer: 0
  m_StaticEditorFlags: 0
  m_IsActive: 1
--- !u!4 &255129841
Transform:
  m_ObjectHideFlags: 0
  m_PrefabParentObject: {fileID: 0}
  m_PrefabInternal: {fileID: 0}
  m_GameObject: {fileID: 255129840}
  m_LocalRotation: {x: -0, y: -0, z: -0, w: 1}
  m_LocalPosition: {x: -8.5, y: -4, z: 0}
  m_LocalScale: {x: 1, y: 1, z: 1}
  m_Children: []
  m_Father: {fileID: 1835888098}
  m_RootOrder: 1
  m_LocalEulerAnglesHint: {x: 0, y: 0, z: 0}
--- !u!1 &343191539
GameObject:
  m_ObjectHideFlags: 0
  m_PrefabParentObject: {fileID: 0}
  m_PrefabInternal: {fileID: 0}
  serializedVersion: 5
  m_Component:
  - component: {fileID: 343191540}
  m_Layer: 0
  m_Name: Waypoint (1)
  m_TagString: Untagged
  m_Icon: {fileID: -982381405332843317, guid: 0000000000000000d000000000000000, type: 0}
  m_NavMeshLayer: 0
  m_StaticEditorFlags: 0
  m_IsActive: 1
--- !u!4 &343191540
Transform:
  m_ObjectHideFlags: 0
  m_PrefabParentObject: {fileID: 0}
  m_PrefabInternal: {fileID: 0}
  m_GameObject: {fileID: 343191539}
  m_LocalRotation: {x: -0, y: -0, z: -0, w: 1}
  m_LocalPosition: {x: 6, y: -6, z: 0}
  m_LocalScale: {x: 1, y: 1, z: 1}
  m_Children: []
  m_Father: {fileID: 1374831632}
  m_RootOrder: 1
  m_LocalEulerAnglesHint: {x: 0, y: 0, z: 0}
--- !u!4 &380911596 stripped
Transform:
  m_PrefabParentObject: {fileID: 4061517131370472, guid: 5a2a9bcbb147ff94ebc447fa072f5580,
    type: 2}
  m_PrefabInternal: {fileID: 905683036}
--- !u!1001 &477713600
Prefab:
  m_ObjectHideFlags: 0
  serializedVersion: 2
  m_Modification:
    m_TransformParent: {fileID: 1965980780}
    m_Modifications:
    - target: {fileID: 4061517131370472, guid: 5a2a9bcbb147ff94ebc447fa072f5580, type: 2}
      propertyPath: m_LocalPosition.x
      value: -4.04885
      objectReference: {fileID: 0}
    - target: {fileID: 4061517131370472, guid: 5a2a9bcbb147ff94ebc447fa072f5580, type: 2}
      propertyPath: m_LocalPosition.y
      value: -3.025865
      objectReference: {fileID: 0}
    - target: {fileID: 4061517131370472, guid: 5a2a9bcbb147ff94ebc447fa072f5580, type: 2}
      propertyPath: m_LocalPosition.z
      value: 0
      objectReference: {fileID: 0}
    - target: {fileID: 4061517131370472, guid: 5a2a9bcbb147ff94ebc447fa072f5580, type: 2}
      propertyPath: m_LocalRotation.x
      value: -0
      objectReference: {fileID: 0}
    - target: {fileID: 4061517131370472, guid: 5a2a9bcbb147ff94ebc447fa072f5580, type: 2}
      propertyPath: m_LocalRotation.y
      value: -0
      objectReference: {fileID: 0}
    - target: {fileID: 4061517131370472, guid: 5a2a9bcbb147ff94ebc447fa072f5580, type: 2}
      propertyPath: m_LocalRotation.z
      value: -0
      objectReference: {fileID: 0}
    - target: {fileID: 4061517131370472, guid: 5a2a9bcbb147ff94ebc447fa072f5580, type: 2}
      propertyPath: m_LocalRotation.w
      value: 1
      objectReference: {fileID: 0}
    - target: {fileID: 4061517131370472, guid: 5a2a9bcbb147ff94ebc447fa072f5580, type: 2}
      propertyPath: m_RootOrder
      value: 5
      objectReference: {fileID: 0}
    - target: {fileID: 1133064483454466, guid: 5a2a9bcbb147ff94ebc447fa072f5580, type: 2}
      propertyPath: m_Name
      value: Enemy (5)
      objectReference: {fileID: 0}
    - target: {fileID: 114540783872408164, guid: 5a2a9bcbb147ff94ebc447fa072f5580,
        type: 2}
      propertyPath: waypoints.Array.data[0]
      value: 
      objectReference: {fileID: 1471423188}
    - target: {fileID: 114540783872408164, guid: 5a2a9bcbb147ff94ebc447fa072f5580,
        type: 2}
      propertyPath: waypoints.Array.data[1]
      value: 
      objectReference: {fileID: 1712194257}
    - target: {fileID: 50834295144256386, guid: 5a2a9bcbb147ff94ebc447fa072f5580,
        type: 2}
      propertyPath: m_Constraints
      value: 2
      objectReference: {fileID: 0}
    m_RemovedComponents: []
  m_ParentPrefab: {fileID: 100100000, guid: 5a2a9bcbb147ff94ebc447fa072f5580, type: 2}
  m_IsPrefabParent: 0
--- !u!1001 &617225243
Prefab:
  m_ObjectHideFlags: 0
  serializedVersion: 2
  m_Modification:
    m_TransformParent: {fileID: 0}
    m_Modifications:
    - target: {fileID: 4976937510964048, guid: 6acd117f975900d4bb9d148e96e27c25, type: 2}
      propertyPath: m_LocalPosition.x
      value: 2.2
      objectReference: {fileID: 0}
    - target: {fileID: 4976937510964048, guid: 6acd117f975900d4bb9d148e96e27c25, type: 2}
      propertyPath: m_LocalPosition.y
      value: 3.5
      objectReference: {fileID: 0}
    - target: {fileID: 4976937510964048, guid: 6acd117f975900d4bb9d148e96e27c25, type: 2}
      propertyPath: m_LocalPosition.z
      value: -0.6972656
      objectReference: {fileID: 0}
    - target: {fileID: 4976937510964048, guid: 6acd117f975900d4bb9d148e96e27c25, type: 2}
      propertyPath: m_LocalRotation.x
      value: 0
      objectReference: {fileID: 0}
    - target: {fileID: 4976937510964048, guid: 6acd117f975900d4bb9d148e96e27c25, type: 2}
      propertyPath: m_LocalRotation.y
      value: 0
      objectReference: {fileID: 0}
    - target: {fileID: 4976937510964048, guid: 6acd117f975900d4bb9d148e96e27c25, type: 2}
      propertyPath: m_LocalRotation.z
      value: 1
      objectReference: {fileID: 0}
    - target: {fileID: 4976937510964048, guid: 6acd117f975900d4bb9d148e96e27c25, type: 2}
      propertyPath: m_LocalRotation.w
      value: 0
      objectReference: {fileID: 0}
    - target: {fileID: 4976937510964048, guid: 6acd117f975900d4bb9d148e96e27c25, type: 2}
      propertyPath: m_RootOrder
      value: 3
      objectReference: {fileID: 0}
    - target: {fileID: 4976937510964048, guid: 6acd117f975900d4bb9d148e96e27c25, type: 2}
      propertyPath: m_LocalEulerAnglesHint.z
      value: 180
      objectReference: {fileID: 0}
    m_RemovedComponents: []
  m_ParentPrefab: {fileID: 100100000, guid: 6acd117f975900d4bb9d148e96e27c25, type: 2}
  m_IsPrefabParent: 0
--- !u!1 &626037961
GameObject:
  m_ObjectHideFlags: 0
  m_PrefabParentObject: {fileID: 0}
  m_PrefabInternal: {fileID: 0}
  serializedVersion: 5
  m_Component:
  - component: {fileID: 626037962}
  m_Layer: 0
  m_Name: Waypoint
  m_TagString: Untagged
  m_Icon: {fileID: -5765324120231101433, guid: 0000000000000000d000000000000000, type: 0}
  m_NavMeshLayer: 0
  m_StaticEditorFlags: 0
  m_IsActive: 1
--- !u!4 &626037962
Transform:
  m_ObjectHideFlags: 0
  m_PrefabParentObject: {fileID: 0}
  m_PrefabInternal: {fileID: 0}
  m_GameObject: {fileID: 626037961}
  m_LocalRotation: {x: 0, y: 0, z: 0, w: 1}
  m_LocalPosition: {x: 6, y: 1, z: 0}
  m_LocalScale: {x: 1, y: 1, z: 1}
  m_Children: []
  m_Father: {fileID: 1004831921}
  m_RootOrder: 0
  m_LocalEulerAnglesHint: {x: 0, y: 0, z: 0}
--- !u!1 &660890689
GameObject:
  m_ObjectHideFlags: 0
  m_PrefabParentObject: {fileID: 0}
  m_PrefabInternal: {fileID: 0}
  serializedVersion: 5
  m_Component:
  - component: {fileID: 660890690}
  m_Layer: 0
  m_Name: Waypoint (1)
  m_TagString: Untagged
  m_Icon: {fileID: -982381405332843317, guid: 0000000000000000d000000000000000, type: 0}
  m_NavMeshLayer: 0
  m_StaticEditorFlags: 0
  m_IsActive: 1
--- !u!4 &660890690
Transform:
  m_ObjectHideFlags: 0
  m_PrefabParentObject: {fileID: 0}
  m_PrefabInternal: {fileID: 0}
  m_GameObject: {fileID: 660890689}
  m_LocalRotation: {x: -0, y: -0, z: -0, w: 1}
  m_LocalPosition: {x: 5, y: -5, z: 0}
  m_LocalScale: {x: 1, y: 1, z: 1}
  m_Children: []
  m_Father: {fileID: 1203684510}
  m_RootOrder: 1
  m_LocalEulerAnglesHint: {x: 0, y: 0, z: 0}
--- !u!1 &661976794
GameObject:
  m_ObjectHideFlags: 0
  m_PrefabParentObject: {fileID: 0}
  m_PrefabInternal: {fileID: 0}
  serializedVersion: 5
  m_Component:
  - component: {fileID: 661976798}
  - component: {fileID: 661976797}
  - component: {fileID: 661976796}
  - component: {fileID: 661976795}
  m_Layer: 0
  m_Name: SugarInteractable
  m_TagString: Interactable
  m_Icon: {fileID: 0}
  m_NavMeshLayer: 0
  m_StaticEditorFlags: 0
  m_IsActive: 1
--- !u!114 &661976795
MonoBehaviour:
  m_ObjectHideFlags: 0
  m_PrefabParentObject: {fileID: 0}
  m_PrefabInternal: {fileID: 0}
  m_GameObject: {fileID: 661976794}
  m_Enabled: 1
  m_EditorHideFlags: 0
  m_Script: {fileID: 11500000, guid: 39a2ccccf9a000e4d8b14c51c632bff9, type: 3}
  m_Name: 
  m_EditorClassIdentifier: 
  gameControl: {fileID: 0}
  level6Control: {fileID: 1193139992}
--- !u!61 &661976796
BoxCollider2D:
  m_ObjectHideFlags: 0
  m_PrefabParentObject: {fileID: 0}
  m_PrefabInternal: {fileID: 0}
  m_GameObject: {fileID: 661976794}
  m_Enabled: 1
  m_Density: 1
  m_Material: {fileID: 0}
  m_IsTrigger: 1
  m_UsedByEffector: 0
  m_UsedByComposite: 0
  m_Offset: {x: 0.010941461, y: -0.02654183}
  m_SpriteTilingProperty:
    border: {x: 0, y: 0, z: 0, w: 0}
    pivot: {x: 0.5, y: 0.5}
    oldSize: {x: 0.64, y: 0.64}
    newSize: {x: 0.16, y: 0.16}
    adaptiveTilingThreshold: 0.5
    drawMode: 0
    adaptiveTiling: 0
  m_AutoTiling: 0
  serializedVersion: 2
  m_Size: {x: 0.7605581, y: 0.67991424}
  m_EdgeRadius: 0
--- !u!212 &661976797
SpriteRenderer:
  m_ObjectHideFlags: 0
  m_PrefabParentObject: {fileID: 0}
  m_PrefabInternal: {fileID: 0}
  m_GameObject: {fileID: 661976794}
  m_Enabled: 1
  m_CastShadows: 0
  m_ReceiveShadows: 0
  m_MotionVectors: 1
  m_LightProbeUsage: 1
  m_ReflectionProbeUsage: 1
  m_Materials:
  - {fileID: 10754, guid: 0000000000000000f000000000000000, type: 0}
  m_StaticBatchInfo:
    firstSubMesh: 0
    subMeshCount: 0
  m_StaticBatchRoot: {fileID: 0}
  m_ProbeAnchor: {fileID: 0}
  m_LightProbeVolumeOverride: {fileID: 0}
  m_ScaleInLightmap: 1
  m_PreserveUVs: 0
  m_IgnoreNormalsForChartDetection: 0
  m_ImportantGI: 0
  m_SelectedEditorRenderState: 0
  m_MinimumChartSize: 4
  m_AutoUVMaxDistance: 0.5
  m_AutoUVMaxAngle: 89
  m_LightmapParameters: {fileID: 0}
  m_SortingLayerID: 1023577161
  m_SortingLayer: 3
  m_SortingOrder: 0
  m_Sprite: {fileID: 21300000, guid: 998cda749b87fd24ba9148786684cba3, type: 3}
  m_Color: {r: 1, g: 1, b: 1, a: 1}
  m_FlipX: 0
  m_FlipY: 0
  m_DrawMode: 0
  m_Size: {x: 0.16, y: 0.16}
  m_AdaptiveModeThreshold: 0.5
  m_SpriteTileMode: 0
  m_WasSpriteAssigned: 1
--- !u!4 &661976798
Transform:
  m_ObjectHideFlags: 0
  m_PrefabParentObject: {fileID: 0}
  m_PrefabInternal: {fileID: 0}
  m_GameObject: {fileID: 661976794}
  m_LocalRotation: {x: 0, y: 0, z: 0, w: 1}
  m_LocalPosition: {x: 0, y: 3.51, z: 0}
  m_LocalScale: {x: 1, y: 1, z: 1}
  m_Children: []
  m_Father: {fileID: 0}
  m_RootOrder: 11
  m_LocalEulerAnglesHint: {x: 0, y: 0, z: 0}
--- !u!1 &663216989
GameObject:
  m_ObjectHideFlags: 0
  m_PrefabParentObject: {fileID: 0}
  m_PrefabInternal: {fileID: 0}
  serializedVersion: 5
  m_Component:
  - component: {fileID: 663216990}
  m_Layer: 0
  m_Name: EnemyWaypoints
  m_TagString: Untagged
  m_Icon: {fileID: 0}
  m_NavMeshLayer: 0
  m_StaticEditorFlags: 0
  m_IsActive: 1
--- !u!4 &663216990
Transform:
  m_ObjectHideFlags: 0
  m_PrefabParentObject: {fileID: 0}
  m_PrefabInternal: {fileID: 0}
  m_GameObject: {fileID: 663216989}
  m_LocalRotation: {x: 0, y: 0, z: 0, w: 1}
  m_LocalPosition: {x: 0, y: 0, z: 0}
  m_LocalScale: {x: 1, y: 1, z: 1}
  m_Children:
  - {fileID: 735233925}
  - {fileID: 1736915289}
  m_Father: {fileID: 1687539653}
  m_RootOrder: 0
  m_LocalEulerAnglesHint: {x: 0, y: 0, z: 0}
--- !u!1 &735233924
GameObject:
  m_ObjectHideFlags: 0
  m_PrefabParentObject: {fileID: 0}
  m_PrefabInternal: {fileID: 0}
  serializedVersion: 5
  m_Component:
  - component: {fileID: 735233925}
  m_Layer: 0
  m_Name: Waypoint
  m_TagString: Untagged
  m_Icon: {fileID: -5765324120231101433, guid: 0000000000000000d000000000000000, type: 0}
  m_NavMeshLayer: 0
  m_StaticEditorFlags: 0
  m_IsActive: 1
--- !u!4 &735233925
Transform:
  m_ObjectHideFlags: 0
  m_PrefabParentObject: {fileID: 0}
  m_PrefabInternal: {fileID: 0}
  m_GameObject: {fileID: 735233924}
  m_LocalRotation: {x: 0, y: 0, z: 0, w: 1}
  m_LocalPosition: {x: 6, y: 6, z: 0}
  m_LocalScale: {x: 1, y: 1, z: 1}
  m_Children: []
  m_Father: {fileID: 663216990}
  m_RootOrder: 0
  m_LocalEulerAnglesHint: {x: 0, y: 0, z: 0}
--- !u!1001 &796629878
Prefab:
  m_ObjectHideFlags: 0
  serializedVersion: 2
  m_Modification:
    m_TransformParent: {fileID: 1965980780}
    m_Modifications:
    - target: {fileID: 4061517131370472, guid: 5a2a9bcbb147ff94ebc447fa072f5580, type: 2}
      propertyPath: m_LocalPosition.x
      value: -8.54885
      objectReference: {fileID: 0}
    - target: {fileID: 4061517131370472, guid: 5a2a9bcbb147ff94ebc447fa072f5580, type: 2}
      propertyPath: m_LocalPosition.y
      value: 0.97413486
      objectReference: {fileID: 0}
    - target: {fileID: 4061517131370472, guid: 5a2a9bcbb147ff94ebc447fa072f5580, type: 2}
      propertyPath: m_LocalPosition.z
      value: 0
      objectReference: {fileID: 0}
    - target: {fileID: 4061517131370472, guid: 5a2a9bcbb147ff94ebc447fa072f5580, type: 2}
      propertyPath: m_LocalRotation.x
      value: -0
      objectReference: {fileID: 0}
    - target: {fileID: 4061517131370472, guid: 5a2a9bcbb147ff94ebc447fa072f5580, type: 2}
      propertyPath: m_LocalRotation.y
      value: -0
      objectReference: {fileID: 0}
    - target: {fileID: 4061517131370472, guid: 5a2a9bcbb147ff94ebc447fa072f5580, type: 2}
      propertyPath: m_LocalRotation.z
      value: -0
      objectReference: {fileID: 0}
    - target: {fileID: 4061517131370472, guid: 5a2a9bcbb147ff94ebc447fa072f5580, type: 2}
      propertyPath: m_LocalRotation.w
      value: 1
      objectReference: {fileID: 0}
    - target: {fileID: 4061517131370472, guid: 5a2a9bcbb147ff94ebc447fa072f5580, type: 2}
      propertyPath: m_RootOrder
      value: 3
      objectReference: {fileID: 0}
    - target: {fileID: 1133064483454466, guid: 5a2a9bcbb147ff94ebc447fa072f5580, type: 2}
      propertyPath: m_Name
      value: Enemy (3)
      objectReference: {fileID: 0}
    - target: {fileID: 114540783872408164, guid: 5a2a9bcbb147ff94ebc447fa072f5580,
        type: 2}
      propertyPath: waypoints.Array.data[0]
      value: 
      objectReference: {fileID: 200725307}
    - target: {fileID: 114540783872408164, guid: 5a2a9bcbb147ff94ebc447fa072f5580,
        type: 2}
      propertyPath: waypoints.Array.data[1]
      value: 
      objectReference: {fileID: 255129840}
    - target: {fileID: 50834295144256386, guid: 5a2a9bcbb147ff94ebc447fa072f5580,
        type: 2}
      propertyPath: m_Constraints
      value: 1
      objectReference: {fileID: 0}
    m_RemovedComponents: []
  m_ParentPrefab: {fileID: 100100000, guid: 5a2a9bcbb147ff94ebc447fa072f5580, type: 2}
  m_IsPrefabParent: 0
--- !u!1001 &806425795
Prefab:
  m_ObjectHideFlags: 0
  serializedVersion: 2
  m_Modification:
    m_TransformParent: {fileID: 1965980780}
    m_Modifications:
    - target: {fileID: 4061517131370472, guid: 5a2a9bcbb147ff94ebc447fa072f5580, type: 2}
      propertyPath: m_LocalPosition.x
      value: -6.04885
      objectReference: {fileID: 0}
    - target: {fileID: 4061517131370472, guid: 5a2a9bcbb147ff94ebc447fa072f5580, type: 2}
      propertyPath: m_LocalPosition.y
      value: 0.97413486
      objectReference: {fileID: 0}
    - target: {fileID: 4061517131370472, guid: 5a2a9bcbb147ff94ebc447fa072f5580, type: 2}
      propertyPath: m_LocalPosition.z
      value: 0
      objectReference: {fileID: 0}
    - target: {fileID: 4061517131370472, guid: 5a2a9bcbb147ff94ebc447fa072f5580, type: 2}
      propertyPath: m_LocalRotation.x
      value: -0
      objectReference: {fileID: 0}
    - target: {fileID: 4061517131370472, guid: 5a2a9bcbb147ff94ebc447fa072f5580, type: 2}
      propertyPath: m_LocalRotation.y
      value: -0
      objectReference: {fileID: 0}
    - target: {fileID: 4061517131370472, guid: 5a2a9bcbb147ff94ebc447fa072f5580, type: 2}
      propertyPath: m_LocalRotation.z
      value: -0
      objectReference: {fileID: 0}
    - target: {fileID: 4061517131370472, guid: 5a2a9bcbb147ff94ebc447fa072f5580, type: 2}
      propertyPath: m_LocalRotation.w
      value: 1
      objectReference: {fileID: 0}
    - target: {fileID: 4061517131370472, guid: 5a2a9bcbb147ff94ebc447fa072f5580, type: 2}
      propertyPath: m_RootOrder
      value: 2
      objectReference: {fileID: 0}
    - target: {fileID: 1133064483454466, guid: 5a2a9bcbb147ff94ebc447fa072f5580, type: 2}
      propertyPath: m_Name
      value: Enemy (2)
      objectReference: {fileID: 0}
    - target: {fileID: 114540783872408164, guid: 5a2a9bcbb147ff94ebc447fa072f5580,
        type: 2}
      propertyPath: waypoints.Array.data[0]
      value: 
      objectReference: {fileID: 1956468461}
    - target: {fileID: 114540783872408164, guid: 5a2a9bcbb147ff94ebc447fa072f5580,
        type: 2}
      propertyPath: waypoints.Array.data[1]
      value: 
      objectReference: {fileID: 1556530941}
    - target: {fileID: 50834295144256386, guid: 5a2a9bcbb147ff94ebc447fa072f5580,
        type: 2}
      propertyPath: m_Constraints
      value: 1
      objectReference: {fileID: 0}
    m_RemovedComponents: []
  m_ParentPrefab: {fileID: 100100000, guid: 5a2a9bcbb147ff94ebc447fa072f5580, type: 2}
  m_IsPrefabParent: 0
--- !u!1 &837477110
GameObject:
  m_ObjectHideFlags: 0
  m_PrefabParentObject: {fileID: 0}
  m_PrefabInternal: {fileID: 0}
  serializedVersion: 5
  m_Component:
  - component: {fileID: 837477111}
  m_Layer: 0
  m_Name: Waypoint
  m_TagString: Untagged
  m_Icon: {fileID: -5765324120231101433, guid: 0000000000000000d000000000000000, type: 0}
  m_NavMeshLayer: 0
  m_StaticEditorFlags: 0
  m_IsActive: 1
--- !u!4 &837477111
Transform:
  m_ObjectHideFlags: 0
  m_PrefabParentObject: {fileID: 0}
  m_PrefabInternal: {fileID: 0}
  m_GameObject: {fileID: 837477110}
  m_LocalRotation: {x: 0, y: 0, z: 0, w: 1}
  m_LocalPosition: {x: -6, y: -5, z: 0}
  m_LocalScale: {x: 1, y: 1, z: 1}
  m_Children: []
  m_Father: {fileID: 1203684510}
  m_RootOrder: 0
  m_LocalEulerAnglesHint: {x: 0, y: 0, z: 0}
--- !u!4 &864345710 stripped
Transform:
  m_PrefabParentObject: {fileID: 4061517131370472, guid: 5a2a9bcbb147ff94ebc447fa072f5580,
    type: 2}
  m_PrefabInternal: {fileID: 806425795}
--- !u!4 &885440663 stripped
Transform:
  m_PrefabParentObject: {fileID: 4061517131370472, guid: 5a2a9bcbb147ff94ebc447fa072f5580,
    type: 2}
  m_PrefabInternal: {fileID: 796629878}
--- !u!1001 &905683036
Prefab:
  m_ObjectHideFlags: 0
  serializedVersion: 2
  m_Modification:
    m_TransformParent: {fileID: 1965980780}
    m_Modifications:
    - target: {fileID: 4061517131370472, guid: 5a2a9bcbb147ff94ebc447fa072f5580, type: 2}
      propertyPath: m_LocalPosition.x
      value: 5.95115
      objectReference: {fileID: 0}
    - target: {fileID: 4061517131370472, guid: 5a2a9bcbb147ff94ebc447fa072f5580, type: 2}
      propertyPath: m_LocalPosition.y
      value: 5.974135
      objectReference: {fileID: 0}
    - target: {fileID: 4061517131370472, guid: 5a2a9bcbb147ff94ebc447fa072f5580, type: 2}
      propertyPath: m_LocalPosition.z
      value: 0
      objectReference: {fileID: 0}
    - target: {fileID: 4061517131370472, guid: 5a2a9bcbb147ff94ebc447fa072f5580, type: 2}
      propertyPath: m_LocalRotation.x
      value: -0
      objectReference: {fileID: 0}
    - target: {fileID: 4061517131370472, guid: 5a2a9bcbb147ff94ebc447fa072f5580, type: 2}
      propertyPath: m_LocalRotation.y
      value: -0
      objectReference: {fileID: 0}
    - target: {fileID: 4061517131370472, guid: 5a2a9bcbb147ff94ebc447fa072f5580, type: 2}
      propertyPath: m_LocalRotation.z
      value: -0
      objectReference: {fileID: 0}
    - target: {fileID: 4061517131370472, guid: 5a2a9bcbb147ff94ebc447fa072f5580, type: 2}
      propertyPath: m_LocalRotation.w
      value: 1
      objectReference: {fileID: 0}
    - target: {fileID: 4061517131370472, guid: 5a2a9bcbb147ff94ebc447fa072f5580, type: 2}
      propertyPath: m_RootOrder
      value: 0
      objectReference: {fileID: 0}
    - target: {fileID: 114540783872408164, guid: 5a2a9bcbb147ff94ebc447fa072f5580,
        type: 2}
      propertyPath: waypoints.Array.data[0]
      value: 
      objectReference: {fileID: 735233924}
    - target: {fileID: 114540783872408164, guid: 5a2a9bcbb147ff94ebc447fa072f5580,
        type: 2}
      propertyPath: waypoints.Array.data[1]
      value: 
      objectReference: {fileID: 1736915288}
    - target: {fileID: 50834295144256386, guid: 5a2a9bcbb147ff94ebc447fa072f5580,
        type: 2}
      propertyPath: m_Constraints
      value: 1
      objectReference: {fileID: 0}
    - target: {fileID: 212990408214041606, guid: 5a2a9bcbb147ff94ebc447fa072f5580,
        type: 2}
      propertyPath: m_SortingLayerID
      value: 312706351
      objectReference: {fileID: 0}
    - target: {fileID: 212990408214041606, guid: 5a2a9bcbb147ff94ebc447fa072f5580,
        type: 2}
      propertyPath: m_SortingLayer
      value: 4
      objectReference: {fileID: 0}
    m_RemovedComponents: []
  m_ParentPrefab: {fileID: 100100000, guid: 5a2a9bcbb147ff94ebc447fa072f5580, type: 2}
  m_IsPrefabParent: 0
--- !u!1 &928223469
GameObject:
  m_ObjectHideFlags: 0
  m_PrefabParentObject: {fileID: 0}
  m_PrefabInternal: {fileID: 0}
  serializedVersion: 5
  m_Component:
  - component: {fileID: 928223473}
  - component: {fileID: 928223472}
  - component: {fileID: 928223471}
  - component: {fileID: 928223470}
  m_Layer: 0
  m_Name: ElevatorTrigger
  m_TagString: Untagged
  m_Icon: {fileID: 0}
  m_NavMeshLayer: 0
  m_StaticEditorFlags: 0
  m_IsActive: 1
--- !u!114 &928223470
MonoBehaviour:
  m_ObjectHideFlags: 0
  m_PrefabParentObject: {fileID: 0}
  m_PrefabInternal: {fileID: 0}
  m_GameObject: {fileID: 928223469}
  m_Enabled: 1
  m_EditorHideFlags: 0
  m_Script: {fileID: 11500000, guid: 3c392846dc6517545b1e9936c64e65d8, type: 3}
  m_Name: 
  m_EditorClassIdentifier: 
  sceneToLoad: ElevatorScene
  gameControl: {fileID: 0}
  fadeAnimation: {fileID: 0}
  fadeImage: {fileID: 0}
--- !u!61 &928223471
BoxCollider2D:
  m_ObjectHideFlags: 0
  m_PrefabParentObject: {fileID: 0}
  m_PrefabInternal: {fileID: 0}
  m_GameObject: {fileID: 928223469}
  m_Enabled: 1
  m_Density: 1
  m_Material: {fileID: 0}
  m_IsTrigger: 1
  m_UsedByEffector: 0
  m_UsedByComposite: 0
  m_Offset: {x: 0, y: -0.0054236054}
  m_SpriteTilingProperty:
    border: {x: 0.049999997, y: 0.049999997, z: 0.049999997, w: 0.049999997}
    pivot: {x: 0.5, y: 0.5}
    oldSize: {x: 0.16, y: 0.16}
    newSize: {x: 0.16, y: 0.16}
    adaptiveTilingThreshold: 0.5
    drawMode: 0
    adaptiveTiling: 0
  m_AutoTiling: 0
  serializedVersion: 2
  m_Size: {x: 0.16, y: 0.14915279}
  m_EdgeRadius: 0
--- !u!212 &928223472
SpriteRenderer:
  m_ObjectHideFlags: 0
  m_PrefabParentObject: {fileID: 0}
  m_PrefabInternal: {fileID: 0}
  m_GameObject: {fileID: 928223469}
  m_Enabled: 1
  m_CastShadows: 0
  m_ReceiveShadows: 0
  m_MotionVectors: 1
  m_LightProbeUsage: 1
  m_ReflectionProbeUsage: 1
  m_Materials:
  - {fileID: 2100000, guid: dce3fc0ed4bd6684eb35d287e0cce22a, type: 2}
  m_StaticBatchInfo:
    firstSubMesh: 0
    subMeshCount: 0
  m_StaticBatchRoot: {fileID: 0}
  m_ProbeAnchor: {fileID: 0}
  m_LightProbeVolumeOverride: {fileID: 0}
  m_ScaleInLightmap: 1
  m_PreserveUVs: 0
  m_IgnoreNormalsForChartDetection: 0
  m_ImportantGI: 0
  m_SelectedEditorRenderState: 0
  m_MinimumChartSize: 4
  m_AutoUVMaxDistance: 0.5
  m_AutoUVMaxAngle: 89
  m_LightmapParameters: {fileID: 0}
  m_SortingLayerID: 0
  m_SortingLayer: 0
  m_SortingOrder: 1
  m_Sprite: {fileID: 0}
  m_Color: {r: 1, g: 0.9724138, b: 0, a: 1}
  m_FlipX: 0
  m_FlipY: 0
  m_DrawMode: 0
  m_Size: {x: 0.16, y: 0.16}
  m_AdaptiveModeThreshold: 0.5
  m_SpriteTileMode: 0
  m_WasSpriteAssigned: 0
--- !u!4 &928223473
Transform:
  m_ObjectHideFlags: 0
  m_PrefabParentObject: {fileID: 0}
  m_PrefabInternal: {fileID: 0}
  m_GameObject: {fileID: 928223469}
  m_LocalRotation: {x: 0, y: 0, z: 0, w: 1}
  m_LocalPosition: {x: -0.03, y: -9.37, z: 0}
  m_LocalScale: {x: 29.897457, y: 37.07248, z: 1}
  m_Children: []
  m_Father: {fileID: 0}
  m_RootOrder: 5
  m_LocalEulerAnglesHint: {x: 0, y: 0, z: 0}
--- !u!1 &1004831920
GameObject:
  m_ObjectHideFlags: 0
  m_PrefabParentObject: {fileID: 0}
  m_PrefabInternal: {fileID: 0}
  serializedVersion: 5
  m_Component:
  - component: {fileID: 1004831921}
  m_Layer: 0
  m_Name: EnemyWaypoints (1)
  m_TagString: Untagged
  m_Icon: {fileID: 0}
  m_NavMeshLayer: 0
  m_StaticEditorFlags: 0
  m_IsActive: 1
--- !u!4 &1004831921
Transform:
  m_ObjectHideFlags: 0
  m_PrefabParentObject: {fileID: 0}
  m_PrefabInternal: {fileID: 0}
  m_GameObject: {fileID: 1004831920}
  m_LocalRotation: {x: -0, y: -0, z: -0, w: 1}
  m_LocalPosition: {x: 0, y: 0, z: 0}
  m_LocalScale: {x: 1, y: 1, z: 1}
  m_Children:
  - {fileID: 626037962}
  - {fileID: 1330336500}
  m_Father: {fileID: 1687539653}
  m_RootOrder: 1
  m_LocalEulerAnglesHint: {x: 0, y: 0, z: 0}
--- !u!4 &1185426883 stripped
Transform:
  m_PrefabParentObject: {fileID: 4061517131370472, guid: 5a2a9bcbb147ff94ebc447fa072f5580,
    type: 2}
  m_PrefabInternal: {fileID: 2102155045}
--- !u!1 &1191772873
GameObject:
  m_ObjectHideFlags: 0
  m_PrefabParentObject: {fileID: 0}
  m_PrefabInternal: {fileID: 0}
  serializedVersion: 5
  m_Component:
  - component: {fileID: 1191772875}
  - component: {fileID: 1191772874}
  m_Layer: 8
  m_Name: Sugar
  m_TagString: Untagged
  m_Icon: {fileID: 0}
  m_NavMeshLayer: 0
  m_StaticEditorFlags: 0
  m_IsActive: 1
--- !u!212 &1191772874
SpriteRenderer:
  m_ObjectHideFlags: 0
  m_PrefabParentObject: {fileID: 0}
  m_PrefabInternal: {fileID: 0}
  m_GameObject: {fileID: 1191772873}
  m_Enabled: 1
  m_CastShadows: 0
  m_ReceiveShadows: 0
  m_MotionVectors: 1
  m_LightProbeUsage: 1
  m_ReflectionProbeUsage: 1
  m_Materials:
  - {fileID: 10754, guid: 0000000000000000f000000000000000, type: 0}
  m_StaticBatchInfo:
    firstSubMesh: 0
    subMeshCount: 0
  m_StaticBatchRoot: {fileID: 0}
  m_ProbeAnchor: {fileID: 0}
  m_LightProbeVolumeOverride: {fileID: 0}
  m_ScaleInLightmap: 1
  m_PreserveUVs: 0
  m_IgnoreNormalsForChartDetection: 0
  m_ImportantGI: 0
  m_SelectedEditorRenderState: 0
  m_MinimumChartSize: 4
  m_AutoUVMaxDistance: 0.5
  m_AutoUVMaxAngle: 89
  m_LightmapParameters: {fileID: 0}
  m_SortingLayerID: -1655535915
  m_SortingLayer: 0
  m_SortingOrder: 0
  m_Sprite: {fileID: 21300000, guid: fbebf6c32e0b66e42a6b1c43e4e822f6, type: 3}
  m_Color: {r: 1, g: 1, b: 1, a: 1}
  m_FlipX: 0
  m_FlipY: 0
  m_DrawMode: 0
  m_Size: {x: 0.16, y: 0.16}
  m_AdaptiveModeThreshold: 0.5
  m_SpriteTileMode: 0
  m_WasSpriteAssigned: 0
--- !u!4 &1191772875
Transform:
  m_ObjectHideFlags: 0
  m_PrefabParentObject: {fileID: 0}
  m_PrefabInternal: {fileID: 0}
  m_GameObject: {fileID: 1191772873}
  m_LocalRotation: {x: 0, y: 0, z: 0, w: 1}
  m_LocalPosition: {x: -1.1902897, y: 4.22, z: 0}
  m_LocalScale: {x: 4, y: 4, z: 1}
  m_Children: []
  m_Father: {fileID: 0}
  m_RootOrder: 6
  m_LocalEulerAnglesHint: {x: 0, y: 0, z: 0}
--- !u!1 &1193139990
GameObject:
  m_ObjectHideFlags: 0
  m_PrefabParentObject: {fileID: 0}
  m_PrefabInternal: {fileID: 0}
  serializedVersion: 5
  m_Component:
  - component: {fileID: 1193139991}
  - component: {fileID: 1193139992}
  m_Layer: 0
  m_Name: Level6Control
  m_TagString: Untagged
  m_Icon: {fileID: 0}
  m_NavMeshLayer: 0
  m_StaticEditorFlags: 0
  m_IsActive: 1
--- !u!4 &1193139991
Transform:
  m_ObjectHideFlags: 0
  m_PrefabParentObject: {fileID: 0}
  m_PrefabInternal: {fileID: 0}
  m_GameObject: {fileID: 1193139990}
  m_LocalRotation: {x: 0, y: 0, z: 0, w: 1}
  m_LocalPosition: {x: 0, y: 0, z: 0}
  m_LocalScale: {x: 1, y: 1, z: 1}
  m_Children: []
  m_Father: {fileID: 0}
  m_RootOrder: 8
  m_LocalEulerAnglesHint: {x: 0, y: 0, z: 0}
--- !u!114 &1193139992
MonoBehaviour:
  m_ObjectHideFlags: 0
  m_PrefabParentObject: {fileID: 0}
  m_PrefabInternal: {fileID: 0}
  m_GameObject: {fileID: 1193139990}
  m_Enabled: 1
  m_EditorHideFlags: 0
  m_Script: {fileID: 11500000, guid: d0dcfe98588969347b16f3ff8c5f2a09, type: 3}
  m_Name: 
  m_EditorClassIdentifier: 
  item: {fileID: 2125234846}
  enemies: {fileID: 1965980779}
  gameControl: {fileID: 0}
  elevatorBlock: {fileID: 1835910889}
--- !u!1 &1203684509
GameObject:
  m_ObjectHideFlags: 0
  m_PrefabParentObject: {fileID: 0}
  m_PrefabInternal: {fileID: 0}
  serializedVersion: 5
  m_Component:
  - component: {fileID: 1203684510}
  m_Layer: 0
  m_Name: EnemyWaypoints (4)
  m_TagString: Untagged
  m_Icon: {fileID: 0}
  m_NavMeshLayer: 0
  m_StaticEditorFlags: 0
  m_IsActive: 1
--- !u!4 &1203684510
Transform:
  m_ObjectHideFlags: 0
  m_PrefabParentObject: {fileID: 0}
  m_PrefabInternal: {fileID: 0}
  m_GameObject: {fileID: 1203684509}
  m_LocalRotation: {x: -0, y: -0, z: -0, w: 1}
  m_LocalPosition: {x: 0, y: 0, z: 0}
  m_LocalScale: {x: 1, y: 1, z: 1}
  m_Children:
  - {fileID: 837477111}
  - {fileID: 660890690}
  m_Father: {fileID: 1687539653}
  m_RootOrder: 4
  m_LocalEulerAnglesHint: {x: 0, y: 0, z: 0}
--- !u!1 &1238318158
GameObject:
  m_ObjectHideFlags: 0
  m_PrefabParentObject: {fileID: 0}
  m_PrefabInternal: {fileID: 0}
  serializedVersion: 5
  m_Component:
  - component: {fileID: 1238318159}
  m_Layer: 0
  m_Name: EnemyWaypoints (2)
  m_TagString: Untagged
  m_Icon: {fileID: 0}
  m_NavMeshLayer: 0
  m_StaticEditorFlags: 0
  m_IsActive: 1
--- !u!4 &1238318159
Transform:
  m_ObjectHideFlags: 0
  m_PrefabParentObject: {fileID: 0}
  m_PrefabInternal: {fileID: 0}
  m_GameObject: {fileID: 1238318158}
  m_LocalRotation: {x: -0, y: -0, z: -0, w: 1}
  m_LocalPosition: {x: 0, y: 0, z: 0}
  m_LocalScale: {x: 1, y: 1, z: 1}
  m_Children:
  - {fileID: 1956468462}
  - {fileID: 1556530942}
  m_Father: {fileID: 1687539653}
  m_RootOrder: 2
  m_LocalEulerAnglesHint: {x: 0, y: 0, z: 0}
--- !u!1001 &1297557996
Prefab:
  m_ObjectHideFlags: 0
  serializedVersion: 2
  m_Modification:
    m_TransformParent: {fileID: 0}
    m_Modifications:
    - target: {fileID: 4293809253559952, guid: a0a9d222739a7064bb569996874f5e84, type: 2}
      propertyPath: m_LocalPosition.x
      value: 0
      objectReference: {fileID: 0}
    - target: {fileID: 4293809253559952, guid: a0a9d222739a7064bb569996874f5e84, type: 2}
      propertyPath: m_LocalPosition.y
      value: 0
      objectReference: {fileID: 0}
    - target: {fileID: 4293809253559952, guid: a0a9d222739a7064bb569996874f5e84, type: 2}
      propertyPath: m_LocalPosition.z
      value: 0
      objectReference: {fileID: 0}
    - target: {fileID: 4293809253559952, guid: a0a9d222739a7064bb569996874f5e84, type: 2}
      propertyPath: m_LocalRotation.x
      value: 0
      objectReference: {fileID: 0}
    - target: {fileID: 4293809253559952, guid: a0a9d222739a7064bb569996874f5e84, type: 2}
      propertyPath: m_LocalRotation.y
      value: 0
      objectReference: {fileID: 0}
    - target: {fileID: 4293809253559952, guid: a0a9d222739a7064bb569996874f5e84, type: 2}
      propertyPath: m_LocalRotation.z
      value: 0
      objectReference: {fileID: 0}
    - target: {fileID: 4293809253559952, guid: a0a9d222739a7064bb569996874f5e84, type: 2}
      propertyPath: m_LocalRotation.w
      value: 1
      objectReference: {fileID: 0}
    - target: {fileID: 4293809253559952, guid: a0a9d222739a7064bb569996874f5e84, type: 2}
      propertyPath: m_RootOrder
      value: 2
      objectReference: {fileID: 0}
    m_RemovedComponents: []
  m_ParentPrefab: {fileID: 100100000, guid: a0a9d222739a7064bb569996874f5e84, type: 2}
  m_IsPrefabParent: 0
--- !u!1 &1330336499
GameObject:
  m_ObjectHideFlags: 0
  m_PrefabParentObject: {fileID: 0}
  m_PrefabInternal: {fileID: 0}
  serializedVersion: 5
  m_Component:
  - component: {fileID: 1330336500}
  m_Layer: 0
  m_Name: Waypoint (1)
  m_TagString: Untagged
  m_Icon: {fileID: -982381405332843317, guid: 0000000000000000d000000000000000, type: 0}
  m_NavMeshLayer: 0
  m_StaticEditorFlags: 0
  m_IsActive: 1
--- !u!4 &1330336500
Transform:
  m_ObjectHideFlags: 0
  m_PrefabParentObject: {fileID: 0}
  m_PrefabInternal: {fileID: 0}
  m_GameObject: {fileID: 1330336499}
  m_LocalRotation: {x: -0, y: -0, z: -0, w: 1}
  m_LocalPosition: {x: 3, y: 1, z: 0}
  m_LocalScale: {x: 1, y: 1, z: 1}
  m_Children: []
  m_Father: {fileID: 1004831921}
  m_RootOrder: 1
  m_LocalEulerAnglesHint: {x: 0, y: 0, z: 0}
--- !u!1001 &1336846395
Prefab:
  m_ObjectHideFlags: 0
  serializedVersion: 2
  m_Modification:
    m_TransformParent: {fileID: 0}
    m_Modifications:
    - target: {fileID: 4202548888796902, guid: 0c9834135d94ce648a7854f2b8b587cb, type: 2}
      propertyPath: m_LocalPosition.x
      value: 0
      objectReference: {fileID: 0}
    - target: {fileID: 4202548888796902, guid: 0c9834135d94ce648a7854f2b8b587cb, type: 2}
      propertyPath: m_LocalPosition.y
      value: 0
      objectReference: {fileID: 0}
    - target: {fileID: 4202548888796902, guid: 0c9834135d94ce648a7854f2b8b587cb, type: 2}
      propertyPath: m_LocalPosition.z
      value: 0
      objectReference: {fileID: 0}
    - target: {fileID: 4202548888796902, guid: 0c9834135d94ce648a7854f2b8b587cb, type: 2}
      propertyPath: m_LocalRotation.x
      value: 0
      objectReference: {fileID: 0}
    - target: {fileID: 4202548888796902, guid: 0c9834135d94ce648a7854f2b8b587cb, type: 2}
      propertyPath: m_LocalRotation.y
      value: 0
      objectReference: {fileID: 0}
    - target: {fileID: 4202548888796902, guid: 0c9834135d94ce648a7854f2b8b587cb, type: 2}
      propertyPath: m_LocalRotation.z
      value: 0
      objectReference: {fileID: 0}
    - target: {fileID: 4202548888796902, guid: 0c9834135d94ce648a7854f2b8b587cb, type: 2}
      propertyPath: m_LocalRotation.w
      value: 1
      objectReference: {fileID: 0}
    - target: {fileID: 4202548888796902, guid: 0c9834135d94ce648a7854f2b8b587cb, type: 2}
      propertyPath: m_RootOrder
      value: 1
      objectReference: {fileID: 0}
    - target: {fileID: 212524907664031124, guid: 0c9834135d94ce648a7854f2b8b587cb,
        type: 2}
      propertyPath: m_SortingLayerID
      value: 1328794103
      objectReference: {fileID: 0}
    - target: {fileID: 212524907664031124, guid: 0c9834135d94ce648a7854f2b8b587cb,
        type: 2}
      propertyPath: m_SortingLayer
      value: 1
      objectReference: {fileID: 0}
    - target: {fileID: 212524907664031124, guid: 0c9834135d94ce648a7854f2b8b587cb,
        type: 2}
      propertyPath: m_DrawMode
      value: 2
      objectReference: {fileID: 0}
    - target: {fileID: 212524907664031124, guid: 0c9834135d94ce648a7854f2b8b587cb,
        type: 2}
      propertyPath: m_Size.x
      value: 17
      objectReference: {fileID: 0}
    - target: {fileID: 212524907664031124, guid: 0c9834135d94ce648a7854f2b8b587cb,
        type: 2}
      propertyPath: m_Size.y
      value: 14.9
      objectReference: {fileID: 0}
    m_RemovedComponents: []
  m_ParentPrefab: {fileID: 100100000, guid: 0c9834135d94ce648a7854f2b8b587cb, type: 2}
  m_IsPrefabParent: 0
--- !u!1001 &1340879957
Prefab:
  m_ObjectHideFlags: 0
  serializedVersion: 2
  m_Modification:
    m_TransformParent: {fileID: 0}
    m_Modifications:
    - target: {fileID: 4962873624667192, guid: 660bbce3413497c4e810da2a7a4412fb, type: 2}
      propertyPath: m_LocalPosition.x
      value: 2.52
      objectReference: {fileID: 0}
    - target: {fileID: 4962873624667192, guid: 660bbce3413497c4e810da2a7a4412fb, type: 2}
      propertyPath: m_LocalPosition.y
      value: 4.91
      objectReference: {fileID: 0}
    - target: {fileID: 4962873624667192, guid: 660bbce3413497c4e810da2a7a4412fb, type: 2}
      propertyPath: m_LocalPosition.z
      value: 0
      objectReference: {fileID: 0}
    - target: {fileID: 4962873624667192, guid: 660bbce3413497c4e810da2a7a4412fb, type: 2}
      propertyPath: m_LocalRotation.x
      value: 0
      objectReference: {fileID: 0}
    - target: {fileID: 4962873624667192, guid: 660bbce3413497c4e810da2a7a4412fb, type: 2}
      propertyPath: m_LocalRotation.y
      value: 0
      objectReference: {fileID: 0}
    - target: {fileID: 4962873624667192, guid: 660bbce3413497c4e810da2a7a4412fb, type: 2}
      propertyPath: m_LocalRotation.z
      value: 0
      objectReference: {fileID: 0}
    - target: {fileID: 4962873624667192, guid: 660bbce3413497c4e810da2a7a4412fb, type: 2}
      propertyPath: m_LocalRotation.w
      value: 1
      objectReference: {fileID: 0}
    - target: {fileID: 4962873624667192, guid: 660bbce3413497c4e810da2a7a4412fb, type: 2}
      propertyPath: m_RootOrder
      value: 13
      objectReference: {fileID: 0}
    m_RemovedComponents: []
  m_ParentPrefab: {fileID: 100100000, guid: 660bbce3413497c4e810da2a7a4412fb, type: 2}
  m_IsPrefabParent: 0
--- !u!1 &1374831631
GameObject:
  m_ObjectHideFlags: 0
  m_PrefabParentObject: {fileID: 0}
  m_PrefabInternal: {fileID: 0}
  serializedVersion: 5
  m_Component:
  - component: {fileID: 1374831632}
  m_Layer: 0
  m_Name: EnemyWaypoints (6)
  m_TagString: Untagged
  m_Icon: {fileID: 0}
  m_NavMeshLayer: 0
  m_StaticEditorFlags: 0
  m_IsActive: 1
--- !u!4 &1374831632
Transform:
  m_ObjectHideFlags: 0
  m_PrefabParentObject: {fileID: 0}
  m_PrefabInternal: {fileID: 0}
  m_GameObject: {fileID: 1374831631}
  m_LocalRotation: {x: -0, y: -0, z: -0, w: 1}
  m_LocalPosition: {x: 0, y: 0, z: 0}
  m_LocalScale: {x: 1, y: 1, z: 1}
  m_Children:
  - {fileID: 26627203}
  - {fileID: 343191540}
  m_Father: {fileID: 1687539653}
  m_RootOrder: 6
  m_LocalEulerAnglesHint: {x: 0, y: 0, z: 0}
--- !u!1 &1471423188
GameObject:
  m_ObjectHideFlags: 0
  m_PrefabParentObject: {fileID: 0}
  m_PrefabInternal: {fileID: 0}
  serializedVersion: 5
  m_Component:
  - component: {fileID: 1471423189}
  m_Layer: 0
  m_Name: Waypoint
  m_TagString: Untagged
  m_Icon: {fileID: -5765324120231101433, guid: 0000000000000000d000000000000000, type: 0}
  m_NavMeshLayer: 0
  m_StaticEditorFlags: 0
  m_IsActive: 1
--- !u!4 &1471423189
Transform:
  m_ObjectHideFlags: 0
  m_PrefabParentObject: {fileID: 0}
  m_PrefabInternal: {fileID: 0}
  m_GameObject: {fileID: 1471423188}
  m_LocalRotation: {x: 0, y: 0, z: 0, w: 1}
  m_LocalPosition: {x: -4, y: -3, z: 0}
  m_LocalScale: {x: 1, y: 1, z: 1}
  m_Children: []
  m_Father: {fileID: 1685423869}
  m_RootOrder: 0
  m_LocalEulerAnglesHint: {x: 0, y: 0, z: 0}
--- !u!1 &1556530941
GameObject:
  m_ObjectHideFlags: 0
  m_PrefabParentObject: {fileID: 0}
  m_PrefabInternal: {fileID: 0}
  serializedVersion: 5
  m_Component:
  - component: {fileID: 1556530942}
  m_Layer: 0
  m_Name: Waypoint (1)
  m_TagString: Untagged
  m_Icon: {fileID: -982381405332843317, guid: 0000000000000000d000000000000000, type: 0}
  m_NavMeshLayer: 0
  m_StaticEditorFlags: 0
  m_IsActive: 1
--- !u!4 &1556530942
Transform:
  m_ObjectHideFlags: 0
  m_PrefabParentObject: {fileID: 0}
  m_PrefabInternal: {fileID: 0}
  m_GameObject: {fileID: 1556530941}
  m_LocalRotation: {x: -0, y: -0, z: -0, w: 1}
  m_LocalPosition: {x: -6, y: 6, z: 0}
  m_LocalScale: {x: 1, y: 1, z: 1}
  m_Children: []
  m_Father: {fileID: 1238318159}
  m_RootOrder: 1
  m_LocalEulerAnglesHint: {x: 0, y: 0, z: 0}
--- !u!4 &1557619225 stripped
Transform:
  m_PrefabParentObject: {fileID: 4061517131370472, guid: 5a2a9bcbb147ff94ebc447fa072f5580,
    type: 2}
  m_PrefabInternal: {fileID: 5930335}
--- !u!1 &1685423868
GameObject:
  m_ObjectHideFlags: 0
  m_PrefabParentObject: {fileID: 0}
  m_PrefabInternal: {fileID: 0}
  serializedVersion: 5
  m_Component:
  - component: {fileID: 1685423869}
  m_Layer: 0
  m_Name: EnemyWaypoints (5)
  m_TagString: Untagged
  m_Icon: {fileID: 0}
  m_NavMeshLayer: 0
  m_StaticEditorFlags: 0
  m_IsActive: 1
--- !u!4 &1685423869
Transform:
  m_ObjectHideFlags: 0
  m_PrefabParentObject: {fileID: 0}
  m_PrefabInternal: {fileID: 0}
  m_GameObject: {fileID: 1685423868}
  m_LocalRotation: {x: -0, y: -0, z: -0, w: 1}
  m_LocalPosition: {x: 0, y: 0, z: 0}
  m_LocalScale: {x: 1, y: 1, z: 1}
  m_Children:
  - {fileID: 1471423189}
  - {fileID: 1712194258}
  m_Father: {fileID: 1687539653}
  m_RootOrder: 5
  m_LocalEulerAnglesHint: {x: 0, y: 0, z: 0}
--- !u!1 &1687539652
GameObject:
  m_ObjectHideFlags: 0
  m_PrefabParentObject: {fileID: 0}
  m_PrefabInternal: {fileID: 0}
  serializedVersion: 5
  m_Component:
  - component: {fileID: 1687539653}
  m_Layer: 0
  m_Name: Waypoints
  m_TagString: Untagged
  m_Icon: {fileID: 0}
  m_NavMeshLayer: 0
  m_StaticEditorFlags: 0
  m_IsActive: 1
--- !u!4 &1687539653
Transform:
  m_ObjectHideFlags: 0
  m_PrefabParentObject: {fileID: 0}
  m_PrefabInternal: {fileID: 0}
  m_GameObject: {fileID: 1687539652}
  m_LocalRotation: {x: -0, y: -0, z: -0, w: 1}
  m_LocalPosition: {x: 0, y: 0, z: 0}
  m_LocalScale: {x: 1, y: 1, z: 1}
  m_Children:
  - {fileID: 663216990}
  - {fileID: 1004831921}
  - {fileID: 1238318159}
  - {fileID: 1835888098}
  - {fileID: 1203684510}
  - {fileID: 1685423869}
  - {fileID: 1374831632}
  m_Father: {fileID: 1965980780}
  m_RootOrder: 7
  m_LocalEulerAnglesHint: {x: 0, y: 0, z: 0}
--- !u!1 &1712194257
GameObject:
  m_ObjectHideFlags: 0
  m_PrefabParentObject: {fileID: 0}
  m_PrefabInternal: {fileID: 0}
  serializedVersion: 5
  m_Component:
  - component: {fileID: 1712194258}
  m_Layer: 0
  m_Name: Waypoint (1)
  m_TagString: Untagged
  m_Icon: {fileID: -982381405332843317, guid: 0000000000000000d000000000000000, type: 0}
  m_NavMeshLayer: 0
  m_StaticEditorFlags: 0
  m_IsActive: 1
--- !u!4 &1712194258
Transform:
  m_ObjectHideFlags: 0
  m_PrefabParentObject: {fileID: 0}
  m_PrefabInternal: {fileID: 0}
  m_GameObject: {fileID: 1712194257}
  m_LocalRotation: {x: -0, y: -0, z: -0, w: 1}
  m_LocalPosition: {x: 2, y: -3, z: 0}
  m_LocalScale: {x: 1, y: 1, z: 1}
  m_Children: []
  m_Father: {fileID: 1685423869}
  m_RootOrder: 1
  m_LocalEulerAnglesHint: {x: 0, y: 0, z: 0}
--- !u!1001 &1721272661
Prefab:
  m_ObjectHideFlags: 0
  serializedVersion: 2
  m_Modification:
    m_TransformParent: {fileID: 1965980780}
    m_Modifications:
    - target: {fileID: 4061517131370472, guid: 5a2a9bcbb147ff94ebc447fa072f5580, type: 2}
      propertyPath: m_LocalPosition.x
      value: 5.95115
      objectReference: {fileID: 0}
    - target: {fileID: 4061517131370472, guid: 5a2a9bcbb147ff94ebc447fa072f5580, type: 2}
      propertyPath: m_LocalPosition.y
      value: 0.97413486
      objectReference: {fileID: 0}
    - target: {fileID: 4061517131370472, guid: 5a2a9bcbb147ff94ebc447fa072f5580, type: 2}
      propertyPath: m_LocalPosition.z
      value: 0
      objectReference: {fileID: 0}
    - target: {fileID: 4061517131370472, guid: 5a2a9bcbb147ff94ebc447fa072f5580, type: 2}
      propertyPath: m_LocalRotation.x
      value: -0
      objectReference: {fileID: 0}
    - target: {fileID: 4061517131370472, guid: 5a2a9bcbb147ff94ebc447fa072f5580, type: 2}
      propertyPath: m_LocalRotation.y
      value: -0
      objectReference: {fileID: 0}
    - target: {fileID: 4061517131370472, guid: 5a2a9bcbb147ff94ebc447fa072f5580, type: 2}
      propertyPath: m_LocalRotation.z
      value: -0
      objectReference: {fileID: 0}
    - target: {fileID: 4061517131370472, guid: 5a2a9bcbb147ff94ebc447fa072f5580, type: 2}
      propertyPath: m_LocalRotation.w
      value: 1
      objectReference: {fileID: 0}
    - target: {fileID: 4061517131370472, guid: 5a2a9bcbb147ff94ebc447fa072f5580, type: 2}
      propertyPath: m_RootOrder
      value: 1
      objectReference: {fileID: 0}
    - target: {fileID: 1133064483454466, guid: 5a2a9bcbb147ff94ebc447fa072f5580, type: 2}
      propertyPath: m_Name
      value: Enemy (1)
      objectReference: {fileID: 0}
    - target: {fileID: 114540783872408164, guid: 5a2a9bcbb147ff94ebc447fa072f5580,
        type: 2}
      propertyPath: waypoints.Array.data[0]
      value: 
      objectReference: {fileID: 626037961}
    - target: {fileID: 114540783872408164, guid: 5a2a9bcbb147ff94ebc447fa072f5580,
        type: 2}
      propertyPath: waypoints.Array.data[1]
      value: 
      objectReference: {fileID: 1330336499}
    - target: {fileID: 50834295144256386, guid: 5a2a9bcbb147ff94ebc447fa072f5580,
        type: 2}
      propertyPath: m_Constraints
      value: 2
      objectReference: {fileID: 0}
    m_RemovedComponents: []
  m_ParentPrefab: {fileID: 100100000, guid: 5a2a9bcbb147ff94ebc447fa072f5580, type: 2}
  m_IsPrefabParent: 0
--- !u!1 &1736915288
GameObject:
  m_ObjectHideFlags: 0
  m_PrefabParentObject: {fileID: 0}
  m_PrefabInternal: {fileID: 0}
  serializedVersion: 5
  m_Component:
  - component: {fileID: 1736915289}
  m_Layer: 0
  m_Name: Waypoint (1)
  m_TagString: Untagged
  m_Icon: {fileID: -982381405332843317, guid: 0000000000000000d000000000000000, type: 0}
  m_NavMeshLayer: 0
  m_StaticEditorFlags: 0
  m_IsActive: 1
--- !u!4 &1736915289
Transform:
  m_ObjectHideFlags: 0
  m_PrefabParentObject: {fileID: 0}
  m_PrefabInternal: {fileID: 0}
  m_GameObject: {fileID: 1736915288}
  m_LocalRotation: {x: -0, y: -0, z: -0, w: 1}
  m_LocalPosition: {x: 6, y: 3, z: 0}
  m_LocalScale: {x: 1, y: 1, z: 1}
  m_Children: []
  m_Father: {fileID: 663216990}
  m_RootOrder: 1
  m_LocalEulerAnglesHint: {x: 0, y: 0, z: 0}
--- !u!1 &1835888097
GameObject:
  m_ObjectHideFlags: 0
  m_PrefabParentObject: {fileID: 0}
  m_PrefabInternal: {fileID: 0}
  serializedVersion: 5
  m_Component:
  - component: {fileID: 1835888098}
  m_Layer: 0
  m_Name: EnemyWaypoints (3)
  m_TagString: Untagged
  m_Icon: {fileID: 0}
  m_NavMeshLayer: 0
  m_StaticEditorFlags: 0
  m_IsActive: 1
--- !u!4 &1835888098
Transform:
  m_ObjectHideFlags: 0
  m_PrefabParentObject: {fileID: 0}
  m_PrefabInternal: {fileID: 0}
  m_GameObject: {fileID: 1835888097}
  m_LocalRotation: {x: -0, y: -0, z: -0, w: 1}
  m_LocalPosition: {x: 0, y: 0, z: 0}
  m_LocalScale: {x: 1, y: 1, z: 1}
  m_Children:
  - {fileID: 200725308}
  - {fileID: 255129841}
  m_Father: {fileID: 1687539653}
  m_RootOrder: 3
  m_LocalEulerAnglesHint: {x: 0, y: 0, z: 0}
--- !u!1 &1835910889
GameObject:
  m_ObjectHideFlags: 0
  m_PrefabParentObject: {fileID: 1280838569002526, guid: a0a9d222739a7064bb569996874f5e84,
    type: 2}
  m_PrefabInternal: {fileID: 0}
  serializedVersion: 5
  m_Component:
  - component: {fileID: 1835910892}
  - component: {fileID: 1835910891}
  - component: {fileID: 1835910890}
  m_Layer: 0
  m_Name: ElevatorBlock
  m_TagString: Untagged
  m_Icon: {fileID: 0}
  m_NavMeshLayer: 0
  m_StaticEditorFlags: 0
  m_IsActive: 1
--- !u!61 &1835910890
BoxCollider2D:
  m_ObjectHideFlags: 0
  m_PrefabParentObject: {fileID: 61691520813132420, guid: a0a9d222739a7064bb569996874f5e84,
    type: 2}
  m_PrefabInternal: {fileID: 0}
  m_GameObject: {fileID: 1835910889}
  m_Enabled: 1
  m_Density: 1
  m_Material: {fileID: 0}
  m_IsTrigger: 0
  m_UsedByEffector: 0
  m_UsedByComposite: 0
  m_Offset: {x: 0.00000047683716, y: 0}
  m_SpriteTilingProperty:
    border: {x: 0, y: 0, z: 0, w: 0}
    pivot: {x: 0.5, y: 0.5}
    oldSize: {x: 1.28, y: 1.28}
    newSize: {x: 7.5, y: 1.28}
    adaptiveTilingThreshold: 0.5
    drawMode: 2
    adaptiveTiling: 0
  m_AutoTiling: 0
  serializedVersion: 2
  m_Size: {x: 7.4800005, y: 0.47999954}
  m_EdgeRadius: 0
--- !u!212 &1835910891
SpriteRenderer:
  m_ObjectHideFlags: 0
  m_PrefabParentObject: {fileID: 212919334193053872, guid: a0a9d222739a7064bb569996874f5e84,
    type: 2}
  m_PrefabInternal: {fileID: 0}
  m_GameObject: {fileID: 1835910889}
  m_Enabled: 1
  m_CastShadows: 0
  m_ReceiveShadows: 0
  m_MotionVectors: 1
  m_LightProbeUsage: 1
  m_ReflectionProbeUsage: 1
  m_Materials:
  - {fileID: 10754, guid: 0000000000000000f000000000000000, type: 0}
  m_StaticBatchInfo:
    firstSubMesh: 0
    subMeshCount: 0
  m_StaticBatchRoot: {fileID: 0}
  m_ProbeAnchor: {fileID: 0}
  m_LightProbeVolumeOverride: {fileID: 0}
  m_ScaleInLightmap: 1
  m_PreserveUVs: 0
  m_IgnoreNormalsForChartDetection: 0
  m_ImportantGI: 0
  m_SelectedEditorRenderState: 0
  m_MinimumChartSize: 4
  m_AutoUVMaxDistance: 0.5
  m_AutoUVMaxAngle: 89
  m_LightmapParameters: {fileID: 0}
  m_SortingLayerID: 1023577161
  m_SortingLayer: 3
  m_SortingOrder: 0
  m_Sprite: {fileID: 21300000, guid: 558e0b1dbaa92a443a8f914d7bd9fded, type: 3}
  m_Color: {r: 1, g: 1, b: 1, a: 1}
  m_FlipX: 0
  m_FlipY: 0
  m_DrawMode: 2
  m_Size: {x: 7.5, y: 1.28}
  m_AdaptiveModeThreshold: 0.5
  m_SpriteTileMode: 0
  m_WasSpriteAssigned: 1
--- !u!4 &1835910892
Transform:
  m_ObjectHideFlags: 0
  m_PrefabParentObject: {fileID: 4165487305798214, guid: a0a9d222739a7064bb569996874f5e84,
    type: 2}
  m_PrefabInternal: {fileID: 0}
  m_GameObject: {fileID: 1835910889}
  m_LocalRotation: {x: -0, y: -0, z: -0, w: 1}
  m_LocalPosition: {x: 0.101, y: -6.989, z: 0}
  m_LocalScale: {x: 1, y: 2.7, z: 1}
  m_Children: []
  m_Father: {fileID: 0}
  m_RootOrder: 12
  m_LocalEulerAnglesHint: {x: 0, y: 0, z: 0}
--- !u!1 &1880150007
GameObject:
  m_ObjectHideFlags: 0
  m_PrefabParentObject: {fileID: 0}
  m_PrefabInternal: {fileID: 0}
  serializedVersion: 5
  m_Component:
  - component: {fileID: 1880150011}
  - component: {fileID: 1880150010}
  - component: {fileID: 1880150009}
  - component: {fileID: 1880150008}
  m_Layer: 0
  m_Name: Floor
  m_TagString: Untagged
  m_Icon: {fileID: 0}
  m_NavMeshLayer: 0
  m_StaticEditorFlags: 0
  m_IsActive: 1
--- !u!23 &1880150008
MeshRenderer:
  m_ObjectHideFlags: 0
  m_PrefabParentObject: {fileID: 0}
  m_PrefabInternal: {fileID: 0}
  m_GameObject: {fileID: 1880150007}
  m_Enabled: 1
  m_CastShadows: 1
  m_ReceiveShadows: 1
  m_MotionVectors: 1
  m_LightProbeUsage: 1
  m_ReflectionProbeUsage: 1
  m_Materials:
  - {fileID: 2100000, guid: dce3fc0ed4bd6684eb35d287e0cce22a, type: 2}
  m_StaticBatchInfo:
    firstSubMesh: 0
    subMeshCount: 0
  m_StaticBatchRoot: {fileID: 0}
  m_ProbeAnchor: {fileID: 0}
  m_LightProbeVolumeOverride: {fileID: 0}
  m_ScaleInLightmap: 1
  m_PreserveUVs: 1
  m_IgnoreNormalsForChartDetection: 0
  m_ImportantGI: 0
  m_SelectedEditorRenderState: 3
  m_MinimumChartSize: 4
  m_AutoUVMaxDistance: 0.5
  m_AutoUVMaxAngle: 89
  m_LightmapParameters: {fileID: 0}
  m_SortingLayerID: 0
  m_SortingLayer: 0
  m_SortingOrder: 0
--- !u!64 &1880150009
MeshCollider:
  m_ObjectHideFlags: 0
  m_PrefabParentObject: {fileID: 0}
  m_PrefabInternal: {fileID: 0}
  m_GameObject: {fileID: 1880150007}
  m_Material: {fileID: 0}
  m_IsTrigger: 0
  m_Enabled: 1
  serializedVersion: 2
  m_Convex: 0
  m_InflateMesh: 0
  m_SkinWidth: 0.01
  m_Mesh: {fileID: 10209, guid: 0000000000000000e000000000000000, type: 0}
--- !u!33 &1880150010
MeshFilter:
  m_ObjectHideFlags: 0
  m_PrefabParentObject: {fileID: 0}
  m_PrefabInternal: {fileID: 0}
  m_GameObject: {fileID: 1880150007}
  m_Mesh: {fileID: 10209, guid: 0000000000000000e000000000000000, type: 0}
--- !u!4 &1880150011
Transform:
  m_ObjectHideFlags: 0
  m_PrefabParentObject: {fileID: 0}
  m_PrefabInternal: {fileID: 0}
  m_GameObject: {fileID: 1880150007}
  m_LocalRotation: {x: -0.7071068, y: 0, z: 0, w: 0.7071068}
  m_LocalPosition: {x: 0, y: -0, z: 0}
  m_LocalScale: {x: 1.75, y: 1, z: 1.5}
  m_Children: []
  m_Father: {fileID: 0}
  m_RootOrder: 0
  m_LocalEulerAnglesHint: {x: -90, y: 0, z: 0}
--- !u!4 &1897149464 stripped
Transform:
  m_PrefabParentObject: {fileID: 4061517131370472, guid: 5a2a9bcbb147ff94ebc447fa072f5580,
    type: 2}
  m_PrefabInternal: {fileID: 1721272661}
--- !u!1 &1956468461
GameObject:
  m_ObjectHideFlags: 0
  m_PrefabParentObject: {fileID: 0}
  m_PrefabInternal: {fileID: 0}
  serializedVersion: 5
  m_Component:
  - component: {fileID: 1956468462}
  m_Layer: 0
  m_Name: Waypoint
  m_TagString: Untagged
  m_Icon: {fileID: -5765324120231101433, guid: 0000000000000000d000000000000000, type: 0}
  m_NavMeshLayer: 0
  m_StaticEditorFlags: 0
  m_IsActive: 1
--- !u!4 &1956468462
Transform:
  m_ObjectHideFlags: 0
  m_PrefabParentObject: {fileID: 0}
  m_PrefabInternal: {fileID: 0}
  m_GameObject: {fileID: 1956468461}
  m_LocalRotation: {x: 0, y: 0, z: 0, w: 1}
  m_LocalPosition: {x: -6, y: 1, z: 0}
  m_LocalScale: {x: 1, y: 1, z: 1}
  m_Children: []
  m_Father: {fileID: 1238318159}
  m_RootOrder: 0
  m_LocalEulerAnglesHint: {x: 0, y: 0, z: 0}
--- !u!1 &1965980779
GameObject:
  m_ObjectHideFlags: 0
  m_PrefabParentObject: {fileID: 0}
  m_PrefabInternal: {fileID: 0}
  serializedVersion: 5
  m_Component:
  - component: {fileID: 1965980780}
  m_Layer: 0
  m_Name: Enemies
  m_TagString: Untagged
  m_Icon: {fileID: 0}
  m_NavMeshLayer: 0
  m_StaticEditorFlags: 0
  m_IsActive: 0
--- !u!4 &1965980780
Transform:
  m_ObjectHideFlags: 0
  m_PrefabParentObject: {fileID: 0}
  m_PrefabInternal: {fileID: 0}
  m_GameObject: {fileID: 1965980779}
  m_LocalRotation: {x: 0, y: 0, z: 0, w: 1}
  m_LocalPosition: {x: 1.0488503, y: 0.02586514, z: 0}
  m_LocalScale: {x: 1, y: 1, z: 1}
  m_Children:
  - {fileID: 380911596}
  - {fileID: 1897149464}
  - {fileID: 864345710}
  - {fileID: 885440663}
  - {fileID: 1557619225}
  - {fileID: 2116521641}
  - {fileID: 1185426883}
  - {fileID: 1687539653}
  m_Father: {fileID: 0}
  m_RootOrder: 10
  m_LocalEulerAnglesHint: {x: 0, y: 0, z: 0}
--- !u!1001 &2038735405
Prefab:
  m_ObjectHideFlags: 0
  serializedVersion: 2
  m_Modification:
    m_TransformParent: {fileID: 0}
    m_Modifications:
    - target: {fileID: 4151215529123558, guid: 5472fc0f5fd2c4147a096c2f8a3d88dc, type: 2}
      propertyPath: m_LocalPosition.x
      value: 0
      objectReference: {fileID: 0}
    - target: {fileID: 4151215529123558, guid: 5472fc0f5fd2c4147a096c2f8a3d88dc, type: 2}
      propertyPath: m_LocalPosition.y
      value: -7.25
      objectReference: {fileID: 0}
    - target: {fileID: 4151215529123558, guid: 5472fc0f5fd2c4147a096c2f8a3d88dc, type: 2}
      propertyPath: m_LocalPosition.z
      value: 0
      objectReference: {fileID: 0}
    - target: {fileID: 4151215529123558, guid: 5472fc0f5fd2c4147a096c2f8a3d88dc, type: 2}
      propertyPath: m_LocalRotation.x
      value: 0
      objectReference: {fileID: 0}
    - target: {fileID: 4151215529123558, guid: 5472fc0f5fd2c4147a096c2f8a3d88dc, type: 2}
      propertyPath: m_LocalRotation.y
      value: 0
      objectReference: {fileID: 0}
    - target: {fileID: 4151215529123558, guid: 5472fc0f5fd2c4147a096c2f8a3d88dc, type: 2}
      propertyPath: m_LocalRotation.z
      value: 0
      objectReference: {fileID: 0}
    - target: {fileID: 4151215529123558, guid: 5472fc0f5fd2c4147a096c2f8a3d88dc, type: 2}
      propertyPath: m_LocalRotation.w
      value: 1
      objectReference: {fileID: 0}
    - target: {fileID: 4151215529123558, guid: 5472fc0f5fd2c4147a096c2f8a3d88dc, type: 2}
      propertyPath: m_RootOrder
      value: 4
      objectReference: {fileID: 0}
    - target: {fileID: 212651098199720342, guid: 5472fc0f5fd2c4147a096c2f8a3d88dc,
        type: 2}
      propertyPath: m_SortingLayerID
      value: 1858288821
      objectReference: {fileID: 0}
    - target: {fileID: 212651098199720342, guid: 5472fc0f5fd2c4147a096c2f8a3d88dc,
        type: 2}
      propertyPath: m_SortingLayer
      value: 2
      objectReference: {fileID: 0}
    m_RemovedComponents: []
  m_ParentPrefab: {fileID: 100100000, guid: 5472fc0f5fd2c4147a096c2f8a3d88dc, type: 2}
  m_IsPrefabParent: 0
--- !u!1001 &2102155045
Prefab:
  m_ObjectHideFlags: 0
  serializedVersion: 2
  m_Modification:
    m_TransformParent: {fileID: 1965980780}
    m_Modifications:
    - target: {fileID: 4061517131370472, guid: 5a2a9bcbb147ff94ebc447fa072f5580, type: 2}
      propertyPath: m_LocalPosition.x
      value: 5.95115
      objectReference: {fileID: 0}
    - target: {fileID: 4061517131370472, guid: 5a2a9bcbb147ff94ebc447fa072f5580, type: 2}
      propertyPath: m_LocalPosition.y
      value: -3.025865
      objectReference: {fileID: 0}
    - target: {fileID: 4061517131370472, guid: 5a2a9bcbb147ff94ebc447fa072f5580, type: 2}
      propertyPath: m_LocalPosition.z
      value: 0
      objectReference: {fileID: 0}
    - target: {fileID: 4061517131370472, guid: 5a2a9bcbb147ff94ebc447fa072f5580, type: 2}
      propertyPath: m_LocalRotation.x
      value: -0
      objectReference: {fileID: 0}
    - target: {fileID: 4061517131370472, guid: 5a2a9bcbb147ff94ebc447fa072f5580, type: 2}
      propertyPath: m_LocalRotation.y
      value: -0
      objectReference: {fileID: 0}
    - target: {fileID: 4061517131370472, guid: 5a2a9bcbb147ff94ebc447fa072f5580, type: 2}
      propertyPath: m_LocalRotation.z
      value: -0
      objectReference: {fileID: 0}
    - target: {fileID: 4061517131370472, guid: 5a2a9bcbb147ff94ebc447fa072f5580, type: 2}
      propertyPath: m_LocalRotation.w
      value: 1
      objectReference: {fileID: 0}
    - target: {fileID: 4061517131370472, guid: 5a2a9bcbb147ff94ebc447fa072f5580, type: 2}
      propertyPath: m_RootOrder
      value: 6
      objectReference: {fileID: 0}
    - target: {fileID: 1133064483454466, guid: 5a2a9bcbb147ff94ebc447fa072f5580, type: 2}
      propertyPath: m_Name
      value: Enemy (6)
      objectReference: {fileID: 0}
    - target: {fileID: 114540783872408164, guid: 5a2a9bcbb147ff94ebc447fa072f5580,
        type: 2}
      propertyPath: waypoints.Array.data[0]
      value: 
      objectReference: {fileID: 26627202}
    - target: {fileID: 114540783872408164, guid: 5a2a9bcbb147ff94ebc447fa072f5580,
        type: 2}
      propertyPath: waypoints.Array.data[1]
      value: 
      objectReference: {fileID: 343191539}
    - target: {fileID: 50834295144256386, guid: 5a2a9bcbb147ff94ebc447fa072f5580,
        type: 2}
      propertyPath: m_Constraints
      value: 1
      objectReference: {fileID: 0}
    m_RemovedComponents: []
  m_ParentPrefab: {fileID: 100100000, guid: 5a2a9bcbb147ff94ebc447fa072f5580, type: 2}
  m_IsPrefabParent: 0
--- !u!4 &2116521641 stripped
Transform:
  m_PrefabParentObject: {fileID: 4061517131370472, guid: 5a2a9bcbb147ff94ebc447fa072f5580,
    type: 2}
  m_PrefabInternal: {fileID: 477713600}
--- !u!1 &2125234846 stripped
GameObject:
  m_PrefabParentObject: {fileID: 1203886236511944, guid: ec392079a421f36498ece13a72b0aa31,
    type: 2}
  m_PrefabInternal: {fileID: 167731635}
